<?xml version="1.0" encoding="UTF-8"?><collection xmlns="http://www.loc.gov/MARC21/slim"><record><leader>00455nam--2200169-u-4500</leader><controlfield tag="001">000051737</controlfield><controlfield tag="002">20161230</controlfield><controlfield tag="005">20161230201049</controlfield><controlfield tag="008">080918s1000------------r-----000-0-eng-d</controlfield><datafield ind1=" " ind2=" " tag="040"><subfield code="a">IFIN-HH</subfield></datafield><datafield ind1=" " ind2=" " tag="080"><subfield code="a">517.58</subfield></datafield><datafield ind1="1" ind2=" " tag="100"><subfield code="a">Galitsyn,A.S. i Zhukovskii,A.N</subfield></datafield><datafield ind1="1" ind2="0" tag="245"><subfield code="a">Integralnye Preobrazovaniya i Spetsialnye Funktsii v Zadachakh Teploprovodnosti</subfield></datafield><datafield ind1=" " ind2=" " tag="260"><subfield code="a">Kiev</subfield><subfield code="c">1976</subfield></datafield><datafield ind1=" " ind2=" " tag="300"><subfield code="a">281 p</subfield></datafield><datafield ind1=" " ind2=" " tag="852"><subfield code="a">43787</subfield><subfield code="c">517.7</subfield></datafield><datafield ind1=" " ind2=" " tag="CAT"><subfield code="a">Sys</subfield><subfield code="c">20080918</subfield><subfield code="h">113710</subfield></datafield></record></collection>